@ARTICLE {Chin:1982,
author = {F. Chin and G. Ozsoyoglu},
journal = {IEEE Transactions on Software Engineering},
title = {Auditing and Inference Control in Statistical Databases},
year = {1982},
volume = {8},
number = {06},
issn = {0098-5589},
pages = {574-582},
keywords = {statistical databases;auditing;inference control;security},
doi = {10.1109/TSE.1982.236161},
publisher = {IEEE Computer Society},
address = {Los Alamitos, CA, USA},
month = {nov}
}
@inproceedings{Kenthapadi:2005,
 author = {Kenthapadi, Krishnaram and Mishra, Nina and Nissim, Kobbi},
 title = {Simulatable Auditing},
 booktitle = {Proceedings of the Twenty-fourth ACM SIGMOD-SIGACT-SIGART Symposium on Principles of Database Systems},
 series = {PODS '05},
 year = {2005},
 isbn = {1-59593-062-0},
 location = {Baltimore, Maryland},
 pages = {118--127},
 numpages = {10},
 url = {http://doi.acm.org/10.1145/1065167.1065183},
 doi = {10.1145/1065167.1065183},
 acmid = {1065183},
 publisher = {ACM},
 address = {New York, NY, USA},
} 
@article{Chin:1986,
 author = {Chin, Francis},
 title = {Security Problems on Inference Control for SUM, MAX, and MIN Queries},
 journal = {J. ACM},
 issue_date = {July 1986},
 volume = {33},
 number = {3},
 month = may,
 year = {1986},
 issn = {0004-5411},
 pages = {451--464},
 numpages = {14},
 url = {http://doi.acm.org/10.1145/5925.5928},
 doi = {10.1145/5925.5928},
 acmid = {5928},
 publisher = {ACM},
 address = {New York, NY, USA},
} 